<?xml version="1.0" encoding="UTF-8"?>
<collection xmlns:xsi="http://www.w3.org/2001/XMLSchema-instance" xsi:schemaLocation="http://www.loc.gov/MARC21/slim http://www.loc.gov/standards/marcxml/schema/MARC21slim.xsd" xmlns="http://www.loc.gov/MARC21/slim">
<record>
  <leader>00739cam a22002051  4500</leader>
  <controlfield tag="001">3076843</controlfield>
  <controlfield tag="003">NNC</controlfield>
  <controlfield tag="005">20140529104356.0</controlfield>
  <controlfield tag="008">010829s1934    ua            000 0 ara d</controlfield>
  <datafield tag="035" ind1=" " ind2=" ">
    <subfield code="a">(OCoLC)ocm47863997</subfield>
  </datafield>
  <datafield tag="035" ind1=" " ind2=" ">
    <subfield code="9">ATQ0454CU</subfield>
  </datafield>
  <datafield tag="035" ind1=" " ind2=" ">
    <subfield code="a">(NNC)3076843</subfield>
  </datafield>
  <datafield tag="040" ind1=" " ind2=" ">
    <subfield code="a">ZCU</subfield>
    <subfield code="c">ZCU</subfield>
  </datafield>
  <datafield tag="099" ind1=" " ind2=" ">
    <subfield code="a">893.7M88</subfield>
    <subfield code="a">IF0</subfield>
  </datafield>
  <datafield tag="130" ind1="0" ind2=" ">
    <subfield code="a">Muʻallaqāt.</subfield>
  </datafield>
  <datafield tag="245" ind1="1" ind2="3">
    <subfield code="a">al-Muʻallaqāt al-ʻashr waʾakhbār shuʻarāʾihā.</subfield>
    <subfield code="c">Iʻtanā bijamʻ dhālika wataṣḥīḥihī lil-marrah al-ūlā al-shaykh Aḥamd ibn al-Amīn al-Shinqītī.</subfield>
  </datafield>
  <datafield tag="260" ind1=" " ind2=" ">
    <subfield code="a">Miṣr,</subfield>
    <subfield code="b">al-Maktabah al-Tijārīyah al-Kubrā,</subfield>
    <subfield code="c">1353 [1934]</subfield>
  </datafield>
  <datafield tag="300" ind1=" " ind2=" ">
    <subfield code="a">179 p.</subfield>
  </datafield>
  <datafield tag="700" ind1="1" ind2=" ">
    <subfield code="a">Shinḳītī, Aḥmad ibn Amīn al-,</subfield>
    <subfield code="d">approximately 1872-1913,</subfield>
    <subfield code="e">editor.</subfield>
  </datafield>
  <datafield tag="955" ind1=" " ind2=" ">
    <subfield code="b">CU58888861</subfield>
    <subfield code="d">off,glx</subfield>
    <subfield code="e">893.7M88 IF0</subfield>
  </datafield>
</record>
</collection>